<?xml version="1.0" encoding="UTF-8"?><collection xmlns="http://www.loc.gov/MARC21/slim"><record><leader>00410nam--2200145-i-4500</leader><controlfield tag="001">000012171</controlfield><controlfield tag="002">20161230</controlfield><controlfield tag="005">20170224011638</controlfield><controlfield tag="008">060222s1000------------r-----000-0-eng-d</controlfield><datafield ind1=" " ind2=" " tag="100"><subfield code="a">Damlakhi, Moustafa</subfield></datafield><datafield ind1=" " ind2=" " tag="245"><subfield code="a">Analyticite et iteres d operateurs pseudodiffeentiels</subfield><subfield code="b">these</subfield></datafield><datafield ind1=" " ind2=" " tag="260"><subfield code="a">Orsay</subfield><subfield code="b">La Faculte Des Sciences D Orsay</subfield><subfield code="c">1977</subfield></datafield><datafield ind1=" " ind2=" " tag="300"><subfield code="a">38 p</subfield></datafield><datafield ind1=" " ind2=" " tag="852"><subfield code="a">44804</subfield><subfield code="c">517.9</subfield></datafield><datafield ind1=" " ind2=" " tag="CAT"><subfield code="a">SYS</subfield><subfield code="c">20170224</subfield><subfield code="h">011638</subfield></datafield></record></collection>